<?xml version="1.0" encoding="UTF-8"?><collection xmlns="http://www.loc.gov/MARC21/slim"><record><leader>00577nam--2200193-u-4500</leader><controlfield tag="001">000051764</controlfield><controlfield tag="002">20161230</controlfield><controlfield tag="005">20161230201049</controlfield><controlfield tag="008">080924s1000------------r-----000-0-eng-d</controlfield><datafield ind1=" " ind2=" " tag="020"><subfield code="a">0-7923-6540-2</subfield></datafield><datafield ind1=" " ind2=" " tag="040"><subfield code="a">IFIN-HH</subfield></datafield><datafield ind1=" " ind2=" " tag="080"><subfield code="a">514.7</subfield></datafield><datafield ind1="1" ind2=" " tag="100"><subfield code="a">Dito, Giuseppe</subfield></datafield><datafield ind1="1" ind2="0" tag="245"><subfield code="a">Conference Modhe Flato 1999. Quantization, Deformations, and Symetries. Vol. 1</subfield><subfield code="c">Sternheimer, Daniel</subfield></datafield><datafield ind1=" " ind2=" " tag="260"><subfield code="a">Dordrecht</subfield><subfield code="b">Kluwer Academic Plublishers</subfield><subfield code="c">2000</subfield></datafield><datafield ind1=" " ind2=" " tag="300"><subfield code="a">428 p</subfield></datafield><datafield ind1=" " ind2=" " tag="490"><subfield code="a">Mathematical Physics Studies</subfield><subfield code="v">vol. 21</subfield></datafield><datafield ind1=" " ind2=" " tag="852"><subfield code="a">81778</subfield><subfield code="c">513.73</subfield></datafield><datafield ind1=" " ind2=" " tag="CAT"><subfield code="a">Sys</subfield><subfield code="c">20080924</subfield><subfield code="h">100458</subfield></datafield></record></collection>